@book{dahl1972structured,
	editor = {Dahl, O. J. and Dijkstra, E. W. and Hoare, C. A. R.},
	title = {Structured Programming},
	year = {1972},
	isbn = {0-12-200550-3},
	source = {Library of Congress Catalog Card Number: 72-84452},
	publisher = {Academic Press Ltd.},
	address = {London, UK, UK},
}

@book{cormen2009algorithms,
	author = {Cormen, Thomas H. and Leiserson, Charles E. and Rivest, Ronald L. and Stein, Clifford},
	title = {Introduction to Algorithms, Third Edition},
	year = {2009},
	isbn = {0262033844, 9780262033848},
	edition = {3rd},
	publisher = {The MIT Press},
}

@incollection{dijkstra1979goto,
	author = {Dijkstra, E.},
	chapter = {Go to Statement Considered Harmful},
	title = {Classics in Software Engineering},
	editor = {Yourdon, Edward Nash},
	year = {1979},
	isbn = {0-917072-14-6},
	pages = {27--33},
	numpages = {7},
	url = {http://dl.acm.org/citation.cfm?id=1241515.1241518},
	acmid = {1241518},
	publisher = {Yourdon Press},
	address = {Upper Saddle River, NJ, USA},
}

@article{krasner1988mvc,
	author = {Krasner, Glenn E. and Pope, Stephen T.},
	title = {A Cookbook for Using the Model-View-Controller User Interface Paradigm in Smalltalk-80},
	journal = {J. Object Oriented Program.},
	issue_date = {Aug./Sept. 1988},
	volume = {1},
	number = {3},
	month = aug,
	year = {1988},
	issn = {0896-8438},
	pages = {26--49},
	numpages = {24},
	url = {http://dl.acm.org/citation.cfm?id=50757.50759},
	acmid = {50759},
	publisher = {SIGS Publications},
	address = {Denville, NJ, USA},
} 

@online{ExpoDoc,   
    title = {Expo SDK Support for Android and iOS versions},   
    url = {https://docs.expo.dev/versions/latest/#support-for-android-and-ios-versions},   
    year = {2023},   
    note = {Accessed January, 2023} 
}
@online{MetroDoc,   
    title = {Metro Bundler},   
    url = {https://docs.expo.dev/guides/customizing-metro/},   
    year = {2023},   
}
@online{easdoc,   
    title = {EAS Build},   
    url = {https://docs.expo.dev/build/introduction/},   
    year = {2023},   
}
@online{eascred,   
    title = {Android App Signing Credentials},   
    url = {https://docs.expo.dev/build/setup/#android-app-signing-credentials},   
    year = {2023},   
}
@online{coolors,   
    title = {Coolors Palette},   
    url = {https://coolors.co/4c5760-93a8ac-5e5131-a59e8c-66635b},   
    year = {2023},   
}
@online{tailwind,   
    title = {Tailwind},   
    url = {https://tailwindcss.com/docs/installation},   
    year = {2023},   
}
@online{cloudinary,   
    title = {Cloudinary},   
    url = {https://cloudinary.com/documentation},   
    year = {2023},   
}
@online{icon-library,   
    title = {Icon Library},   
    url = {https://icon-library.com/},   
    year = {2023},   
}

@online{navtypes,   
    title = {Understanding navigation},   
    url = {https://m2.material.io/design/navigation/understanding-navigation.html},  
    note = {Accessed January, 2023} 
}
@online{nativewinddocs,   
    title = {NativeWind},   
    url = {https://www.nativewind.dev/},
    year = {2023}
}
@article{hutri2023comparison,
  title={Comparison of React Native and Expo},
  author={Hutri, Hugo},
  year={2023}
}

